@online{OIwikiSAM,
  author="OI Wiki",
  title="{后缀自动机}",
  url="https://oi-wiki.org/string/sam/"
}

@online{peccoSAM,
  author="Pecco",
  title="{算法学习笔记(85): 后缀自动机}",
  url="https://zhuanlan.zhihu.com/p/410131141"
}

@online{cyendraSAM,
  author="cyendra",
  title="{后缀自动机（SAM）}",
  url="https://www.cnblogs.com/zinthos/p/3899679.html"
}
