@online{OIwikiSAM,
  author="OIwiki",
  title="{后缀自动机}",
  url="https://oi-wiki.org/string/sam/"
}

@online{peccoSAM,
  author="Pecco",
  title="{算法学习笔记(85): 后缀自动机}",
  url="https://zhuanlan.zhihu.com/p/410131141"
}

@online{cyendraSAM,
  author="cyendra",
  title="{后缀自动机（SAM）}",
  url="https://www.cnblogs.com/zinthos/p/3899679.html"
}

@online{OIwikiSA,
  author="OIwiki",
  title="{后缀数组}",
  url="https://oi-wiki.org/string/sa/"
}

@article{luoSA,
  author={罗穗骞},
  title="{后缀数组——处理字符串问题的有力工具}",
  journal={IOI2009国家集训队论文},
  year={2009}
}

@online{OIwikiPAM,
  author="OIwiki",
  title="{回文树}",
  url="https://oi-wiki.org/string/pam/"
}